@Book{boolesrule,
author = {Boole, George},
title = {Calculus of Finite Differences},
publisher = {Chelsea Pub. Co},
year = {1970},
edition = {5th},
}

@BOOK{LAPACK,
      AUTHOR = {Anderson, E. and Bai, Z. and Bischof, C. and
                Blackford, S. and Demmel, J. and Dongarra, J. and
                Du Croz, J. and Greenbaum, A. and Hammarling, S. and
                McKenney, A. and Sorensen, D.},
      TITLE = {{LAPACK} Users' Guide},
      EDITION = {Third},
      PUBLISHER = {Society for Industrial and Applied Mathematics},
      YEAR = {1999},
      ADDRESS = {Philadelphia, PA},
      ISBN = {0-89871-447-8 (paperback)} }
      
@Book{quantum,
author = {Griffiths, David J.},
title = {Introduction to Quantum Mechanics},
publisher = {Pearson},
year = {2005},
edition = {2nd},
}

