@Unpublished{me,
author = {Bunton, Jonathan},
title = {Modeling Interatomic Interactions Using the Morse and Lennard-Jones Potentials},
note = {Previous Submission},
month = {October},
year = {2017}
}
@Article{ljconstants,
author = {Whalley, E. and Schneider, W.G.},
title = {Intermolecular Potentials of Argon, Krypton, and Xenon},
journal = {The Journal of Chemical Physics},
year = {1955},
volume = {23}
}

@article{rk4,
author = {Kutta, Martin W.},
title = {Beitrag zur n\"aherungsweisen Integration totaler Differentialgleichungen},
journal = {Zeitschrift f\"ur Methematik und Physik},
year = {1901}
}


@Article{mconstants,
author = {Matsumo, Akira},
title = {Parameters of the Morse Potential from Second Virial Coefficients of Gases},
journal = {Z. Naturforsch},
year = {1987},
volume = {42a}
}

@article{verlet,
  title = {Computer "Experiments" on Classical Fluids. I. Thermodynamical Properties of Lennard-Jones Molecules},
  author = {Verlet, Loup},
  journal = {Phys. Rev.},
  volume = {159},
  issue = {1},
  pages = {98--103},
  numpages = {0},
  year = {1967},
  month = {Jul},
  publisher = {American Physical Society},
  doi = {10.1103/PhysRev.159.98},
  url = {https://link.aps.org/doi/10.1103/PhysRev.159.98}
}

@article {ljpotential,
	author = {Jones, J. E.},
	title = {On the Determination of Molecular Fields. II. From the Equation of State of a Gas},
	volume = {106},
	number = {738},
	pages = {463--477},
	year = {1924},
	doi = {10.1098/rspa.1924.0082},
	publisher = {The Royal Society},
	issn = {0950-1207},
	URL = {http://rspa.royalsocietypublishing.org/content/106/738/463},
	eprint = {http://rspa.royalsocietypublishing.org/content/106/738/463.full.pdf},
	journal = {Proceedings of the Royal Society of London A: Mathematical, Physical and Engineering Sciences}
}

@article{mpotential,
  title = {Diatomic Molecules According to the Wave Mechanics. II. Vibrational Levels},
  author = {Morse, Philip M.},
  journal = {Phys. Rev.},
  volume = {34},
  issue = {1},
  pages = {57--64},
  numpages = {0},
  year = {1929},
  month = {Jul},
  publisher = {American Physical Society},
  doi = {10.1103/PhysRev.34.57},
  url = {https://link.aps.org/doi/10.1103/PhysRev.34.57}
}


