@InBook{lu,
author = {Press, W.H.},
title = {Numerical Recipes in FORTRAN: The Art of Scientific Computing},
chapter = {2.3 "LU Decomposition and Its Applications},
publisher = {Camridge University Press},
year = {1992},
edition = {2nd},
pages = {34-42},
}

@BOOK{LAPACK,
      AUTHOR = {Anderson, E. and Bai, Z. and Bischof, C. and
                Blackford, S. and Demmel, J. and Dongarra, J. and
                Du Croz, J. and Greenbaum, A. and Hammarling, S. and
                McKenney, A. and Sorensen, D.},
      TITLE = {{LAPACK} Users' Guide},
      EDITION = {Third},
      PUBLISHER = {Society for Industrial and Applied Mathematics},
      YEAR = {1999},
      ADDRESS = {Philadelphia, PA},
      ISBN = {0-89871-447-8 (paperback)} }
      
@Article{heateq,
author = {Narasimhan, T.N.},
title = {Fourier's heat conduction equation: history, influence, and connections},
journal = {Reviews of Geophysics},
year = {1999},
month = {February}
}

@online{cmb,
author = {Wollack, Edward J.},
title = {WMAP Big Bang CMB Test},
year = {2016},
url = {https://map.gsfc.nasa.gov/universe/bb_tests_cmb.html},
subtitle = {Tests of the Big Bang: the CMB},
organization = {NASA},
date = {9},
month = {5},
}
@Article{sblaw,
AUTHOR = {Sharp, Kim and Matschinsky, Franz},
TITLE = {Translation of Ludwig Boltzmann’s Paper “On the Relationship between the Second Fundamental Theorem of the Mechanical Theory of Heat and Probability Calculations Regarding the Conditions for Thermal Equilibrium” Sitzungberichte der Kaiserlichen Akademie der Wissenschaften. Mathematisch-Naturwissen Classe. Abt. II, LXXVI 1877, pp 373-435 (Wien. Ber. 1877, 76:373-435). Reprinted in Wiss. Abhandlungen, Vol. II, reprint 42, p. 164-223, Barth, Leipzig, 1909},
JOURNAL = {Entropy},
VOLUME = {17},
YEAR = {2015},
NUMBER = {4},
PAGES = {1971--2009},
URL = {http://www.mdpi.com/1099-4300/17/4/1971},
ISSN = {1099-4300},
ABSTRACT = {Translation of the seminal 1877 paper by Ludwig Boltzmann which for the first time established the probabilistic basis of entropy. Includes a scientific commentary.},
DOI = {10.3390/e17041971}
}

