@Article{montecarlo,
author = {Metropolis, N. and Rosenbluth, A. and Rosenbluth, M. and Teller, A. and Teller, E.},
title = {Equation of State Calculations by Fast Computing Machines},
journal = {Journal of Chemical Physics},
year = {1953},
volume = {21},
number = {6},
month = {June},
}

@InBook{isingmodel,
author = {Gould, H. and Tobochnik, J.},
title = {Thermal and Statistical Physics},
chapter = {5: Magnetic Systems},
publisher = {Princeton University Press},
year = {2015},
month = {January},
}
@online{magnettypes,
author = {Moskowitz, Bruce M.},
title = {Hitchhiker's Guide to Magnetism},
year = {1991},
url = {http://www.irm.umn.edu/hg2m/hg2m_index.html},
subtitle = {Classes of Magnetic Materials},
language = {English},
organization = {Institute for Rock Magnetism},
date = {5-8},
month = {June},
}

@online{fromjesse,
author = {Lancashire, Robert J.},
title = {Magnetism},
year = {2011},
url = {http://wwwchem.uwimona.edu.jm/courses/magnetism.html},
language = {English},
organization = {University of the West Indies},
}
